@book{M_AI_With_AI,
  author         = {Avelar, P. et al.},
  editor         = {Goebel, Randy, Wahlster, Wolfgang, Zhou, Zhi-Hua},
  publisher      = {Springer-Verlag, Berlin, Heidelberg.},
  title          = {Measuring Ethics in AI with AI: A Methodology and Dataset Construction},
  year           = {2022}
}
@article{Ayling,
  author          = {Ayling, J, Chapman, A},
  journal         = {AI and Ethics},
  number          = {2},
  title           = {Putting AI ethics to work: are the tools fit for purpose?},
  volume          = {2021-2},
  year            = {2021}
}
@article{Bostrom,
  author          = {Bostrom, Nick, Eliezer Yudowsky},
  journal         = {In Artificial intelligence safety and security},
  number          = {},
  title           = {The ethics of artificial intelligence.},
  volume          = {},
  year            = {2018}
}
@article{EUCommision,
  author          = {European Commission},
  journal         = {},
  number          = {},
  title           = {Ethics guidelines for trustworthy AI},
  volume          = {},
  year            = {2019}
}
@article{Hagendorff,
  author          = {Hagendorff, T},
  journal         = {Minds an Machines},
  number          = {1},
  title           = {The Ethics of AI Ethics: An Evaluation of Guidelines.},
  volume          = {30},
  year            = {2020}
}
@article{Hagerty,
  author          = {Hagerty, Alexa, Rubinov, Igor},
  journal         = {arXiv preprint},
  number          = {1907.07892},
  title           = {Global AI ethics: a review of the social impacts and ethical implications of artificial intelligence},
  volume          = {},
  year            = {2019}
}
@article{IBM1,
  author          = {Hobson, S, Dortch, A},
  journal         = {IBM Policy Lab},
  number          = {},
  title           = {Mitigating Bias in Artificial Intelligence},
  volume          = {},
  year            = {2021}
}
@article{Jameel,
  author          = {Jameel, T et al.},
  journal         = {iCoMET 2020},
  number          = {1-6},
  title           = {Ethics of Artificial Intelligence : Research Challenges and Potential Solutions},
  volume          = {},
  year            = {2020}
}
@article{Jobin,
  author          = {Jobin, A, Ienca, M, Vayena, E},
  journal         = {Nat Mach Intell},
  number          = {1},
  title           = {The global landscape of AI ethics guidelines},
  volume          = {},
  year            = {2019}
}
@article{Minkkinen,
  author          = {Minkkinen, M, et al.},
  journal         = {DISO},
  number          = {1},
  title           = {Continuous Auditing of Artificial Intelligence: a Conceptualization and Assessment of Tools and Frameworks.},
  volume          = {},
  year            = {2022}
}
@article{Müller,
  author          = {Müller, Vincent C.},
  journal         = {The Stanford Encyclopedia of Philosophy},
  number          = {},
  title           = {Ethics of Artificial Intelligence and Robotics},
  volume          = {},
  year            = {2021}
}
@article{Partadiredja,
  author          = {Partadiredja, R et al.},
  journal         = {13th CMI Conference on Cybersecurity and Privacy},
  number          = {},
  title           = {AI or Human: The Socio-ethical Implications of AI-Generated Media Content},
  volume          = {},
  year            = {2020}
}
@article{Pawelec,
  author          = {Pawelec, M, Beiß, C},
  journal         = {},
  number          = {},
  title           = {Deepfakes. Technikfolgen und Regulierungsfragen aus ethischer und sozialwissenschaftlicher Perspektive},
  volume          = {},
  year            = {2021}
}
@article{Salminen,
  author          = {Salminen, J et al.},
  journal         = {CHI Conference on Human Factors in Computing Systems},
  number          = {},
  title           = {Analyzing Demographic Bias in Artificially Generated Facial Pictures},
  volume          = {20},
  year            = {2020}
}
@article{Shah,
  author          = {Shah. F et al.},
  journal         = {},
  number          = {},
  title           = {Artificial Intelligence as a Service for Immoral ContentDetection and Eradication},
  volume          = {},
  year            = {2022}
}
@article{Somepalli,
  author          = {Somepalli, G et al.},
  journal         = {ArXiv},
  number          = {2212.03860},
  title           = {Diffusion Art or Digital Forgery? Investigating Data Replication in Diffusion Models},
  volume          = {},
  year            = {2022}
}
@article{Stahl,
  author          = {Stahl, B. C., Schroeder, D., \& Rodrigues, R},
  journal         = {Springerbriefs in research and innovation governance},
  number          = {},
  title           = {The ethics of artificial intelligence: A conclusion},
  volume          = {},
  year            = {2023}
}
@article{Sun,
  author          = {Sun, F., Ye, R},
  journal         = {Ethics of Artificial Intelligence},
  number          = {},
  title           = {Moral Considerations of Artificial Intelligence},
  volume          = {},
  year            = {2023}
}